@article{saluki,
author = {Gotovchits, Ivan and Van Tonder, Rijnard and Brumley, David},
year = {2018},
month = {01},
pages = {},
title = {Saluki: Finding Taint-style Vulnerabilities with Static Property Checking},
doi = {10.14722/bar.2018.23019}
}

@inproceedings{a1,
author = {Mckinney, Dorothy},
year = {1999},
month = {01},
pages = {627-628},
title = {Impact of Commercial Off-the-Shelf (COTS) Software on the Interface Between Systems and Software Engineering.},
doi = {10.1145/302405.302721}
}

@misc{a2, 
title={Common Weakness Enumeration}, url={https://cwe.mitre.org/cwss/cwss_v1.0.1.html}, 
journal={CWE - CWE-122: Heap-based Buffer Overflow (3.1)}, author={The MITRE Corporation}}

@article{a3,
author = {Adnan, Muhammad and Aslam, Faisal and Nawaz, Zubair and Mansoor Sarwar, Syed},
year = {2017},
month = {12},
pages = {e0188721},
title = {Rubus: A compiler for seamless and extensible parallelism},
volume = {12},
journal = {PLOS ONE},
doi = {10.1371/journal.pone.0188721}
}

@book{a4,
 author = {Williamson, David P. and Shmoys, David B.},
 title = {The Design of Approximation Algorithms},
 year = {2011},
 isbn = {0521195276, 9780521195270},
 edition = {1st},
 publisher = {Cambridge University Press},
 address = {New York, NY, USA},
}

@inproceedings{a5,
 author = {Yamaguchi, Fabian and Maier, Alwin and Gascon, Hugo and Rieck, Konrad},
 title = {Automatic Inference of Search Patterns for Taint-Style Vulnerabilities},
 booktitle = {Proceedings of the 2015 IEEE Symposium on Security and Privacy},
 series = {SP '15},
 year = {2015},
 isbn = {978-1-4673-6949-7},
 pages = {797--812},
 numpages = {16},
 url = {https://doi.org/10.1109/SP.2015.54},
 doi = {10.1109/SP.2015.54},
 acmid = {2867685},
 publisher = {IEEE Computer Society},
 address = {Washington, DC, USA},
 keywords = {Vulnerabilities, Clustering, Graph Databases},
} 

@article{a6,
  title={Static program analysis assisted dynamic taint tracking for software vulnerability discovery},
  author={Ruoyu Zhang and Shiqiu Huang and Zhengwei Qi and Haibing Guan},
  journal={Computers \& Mathematics with Applications},
  year={2012},
  volume={63},
  pages={469-480}
}

@inproceedings{a7,
  title={Anti-Taint-Analysis : Practical Evasion Techniques Against Information Flow Based Malware Defense},
  author={Lorenzo Cavallaro and Prateek Saxena and R. Sekar},
  year={2007}
}

@inproceedings{a8,
author = {Brumley, David and Jager, Ivan and Avgerinos, Thanassis and J. Schwartz, Edward},
year = {2011},
month = {01},
pages = {463-469},
title = {BAP: A binary analysis platform},
volume = {6806},
journal = {LNCS},
doi = {10.1007/978-3-642-22110-1_37}
}